@misc{overleaf,
  title={Learn LaTeX in 30 minutes},
  url = {https://www.overleaf.com/learn/latex/Learn_LaTeX_in_30_minutes}, 
  author={Overleaf.com}, 
  year={2023},
  language={en}},

@misc{latextut,
  title={Bibliography In Latex With bibtex/biblatex},
  url={https://latex-tutorial.com/tutorials/bibtex/}, 
  author={LaTeX-Tutorial.com},
  year={2023},
  language={en-US}},

@INPROCEEDINGS{his2014,
  author={Bhagya, Mayank and Tripathi, Sanjay and Thilagam, P. Santhi},
  booktitle={2014 14th International Conference on Hybrid Intelligent Systems}, 
  title={Optimization of countour based template matching using GPGPU based hexagonal framework}, 
  year={2014},
  volume={},
  number={},
  pages={135-140},
  doi={10.1109/HIS.2014.7086186}}